<?xml version="1.0" encoding="UTF-8"?><collection><record><leader>06050ntm a2200601 a 4500</leader><controlfield tag="001">006079850</controlfield><controlfield tag="003">MiAaHDL</controlfield><controlfield tag="005">20190719000000.0</controlfield><controlfield tag="006">m        d        </controlfield><controlfield tag="007">cr bn ---auaua</controlfield><controlfield tag="008">090413q14uu15uuxx            00| ||ara d</controlfield><datafield tag="035" ind1=" " ind2=" "><subfield code="a">(MiU)006079850</subfield></datafield><datafield tag="035" ind1=" " ind2=" "><subfield code="a">sdr-miu006079850</subfield></datafield><datafield tag="040" ind1=" " ind2=" "><subfield code="a">MiU</subfield><subfield code="c">MiU</subfield><subfield code="e">amremm</subfield></datafield><datafield tag="043" ind1=" " ind2=" "><subfield code="a">n-us-mi</subfield></datafield><datafield tag="100" ind1="1" ind2=" "><subfield code="6">880-01</subfield><subfield code="a">Kardarī, Ibn al-Bazzāz,</subfield><subfield code="d">-1424.</subfield></datafield><datafield tag="240" ind1="1" ind2="0"><subfield code="6">880-02</subfield><subfield code="a">Jāmiʻ al-wajīz</subfield></datafield><datafield tag="245" ind1="1" ind2="0"><subfield code="6">880-03</subfield><subfield code="a">[Jāmiʻ al-wajīz lil-fatāwá al-Bazzāzīyah,</subfield><subfield code="f">15th or 16th century?].</subfield></datafield><datafield tag="246" ind1="3" ind2="0"><subfield code="6">880-04</subfield><subfield code="a">Fatāwá al-Bazzāzīyah</subfield></datafield><datafield tag="246" ind1="3" ind2="8"><subfield code="a">بزازية</subfield></datafield><datafield tag="246" ind1="3" ind2=" "><subfield code="i">From inscription on p.1 prior to detailed table of contents:</subfield><subfield code="a">كتاب بزازية</subfield></datafield><datafield tag="260" ind1=" " ind2=" "><subfield code="c">[14-- or 15--?].</subfield></datafield><datafield tag="300" ind1=" " ind2=" "><subfield code="a">358 leaves :</subfield><subfield code="b">paper ;</subfield><subfield code="c">268 x 185 (199 x 103) mm. bound to 268 x 190 mm.</subfield></datafield><datafield tag="500" ind1=" " ind2=" "><subfield code="a">Shelfmark: Ann Arbor, University of Michigan, Special Collections Library, Isl. Ms. 70</subfield></datafield><datafield tag="500" ind1=" " ind2=" "><subfield code="a">Origin: Lacks dated colophon. Paper, cover, etc. suggest 15th or 16th century.</subfield></datafield><datafield tag="500" ind1=" " ind2=" "><subfield code="a">Accompanying materials: Inserts carrying notes paginated (pp.37-38, pp.39-40).</subfield></datafield><datafield tag="500" ind1=" " ind2=" "><subfield code="a">Former shelfmark: British Museum, London "No. 29. Decisions of al-Bazzazi."</subfield></datafield><datafield tag="500" ind1=" " ind2=" "><subfield code="a">Binding: Pasteboards covered in red brown leather with spine in black leather (repair) ; Type II binding (with flap, though now lost) ; board linings in European laid paper ; upper cover bears central blind-tooled mandorla without pendants, but carrying diamond and interlace design within (compare Weisweiler 89) and decorative frame with roll-border and blind-stamped floral design ; lower cover bears blind-tooled ornament in the form of an eight-branched star filled with interlace (compare Weisweiler 99-101) ; and decorative frame nearly identical to that of upper cover ; sewn in cream thread, two stations ; endbands in red and blue, quite damaged with repairs in cream thread sewn over ; in poor condition with severe abrasion (gashes), staining, splitting and lifting of leather at spine, delamination of boards, loss of flap, etc. ; housed in box for protection.</subfield></datafield><datafield tag="500" ind1=" " ind2=" "><subfield code="a">Support: non-European laid paper with chain lines (vertical) grouped in threes, 35-42 mm. between the groups and 8-10 mm. between the chains ; laid lines spaced roughly 8 laid lines per cm.</subfield></datafield><datafield tag="500" ind1=" " ind2=" "><subfield code="a">Decoration: Section headings and keywords rubricated ; textual dividers in the form of three discs and overlining in red.</subfield></datafield><datafield tag="500" ind1=" " ind2=" "><subfield code="a">Script: Naskh ; small, neat Turkish or Persian hand ; virtually serifless ; quite rounded and freely ligatured ; mainly closed counters ; three dots supplied as inverted comma.</subfield></datafield><datafield tag="500" ind1=" " ind2=" "><subfield code="a">Layout: Written in 31 lines per page ; frame-ruled (impression of ruling board evident).</subfield></datafield><datafield tag="500" ind1=" " ind2=" "><subfield code="a">Collation: IV (8), VI (20), IV (28), 20 V(228), I (230), 12 V(350), IV (358) ; chiefly quinions ; catchwords appear on the final folio of each quire, occasionally lacking or appearing more frequently ; foliation in black ink, Hindu-Arabic numerals ; pagination in pencil, Western numerals, supplied during digitization (includes inserts and reverts to p.627 following p.686).</subfield></datafield><datafield tag="500" ind1=" " ind2=" "><subfield code="a">Explicit: "لا يعتبر لانه ناطق بحاله وان صمت بعارض فهو كالمريض المعتقل لسانه كذا في المحبوبي والله اعلم والحمد لله رب العالمين والصلوة والسلام على محمد واله اجمعين الطيبين الطاهرين"</subfield></datafield><datafield tag="500" ind1=" " ind2=" "><subfield code="a">Incipit: "حمدا لمن دعا الى دار السلام بمحمد عليه افضل الصلوة والسلام شارع احكام الاسلام ... وبعد فهذا مختصر في بيان تعريفات الاحكام على وجه الاتقان والاحكام جمعه العبد محمد بن محمد الكردري"</subfield></datafield><datafield tag="500" ind1=" " ind2=" "><subfield code="a">Title supplied by cataloguer.</subfield></datafield><datafield tag="500" ind1=" " ind2=" "><subfield code="a">Ms. codex.</subfield></datafield><datafield tag="510" ind1="4" ind2=" "><subfield code="a">Ḥājjī Khalīfah. Kashf al-ẓunūn,</subfield><subfield code="c">ii 49 ; iv 354 ; iv 367</subfield></datafield><datafield tag="510" ind1="4" ind2=" "><subfield code="a">Brockelmann, C. GAL</subfield><subfield code="c">II, 225</subfield></datafield><datafield tag="520" ind1="8" ind2=" "><subfield code="a">Fine copy of the compendium of Ḥanafī fatwas from various sources. Detailed table of contents precedes the text (fol.1b-fol.2b/pp.2-4). See Mich. Isl. Ms. 539 for another ms. copy of this work.</subfield></datafield><datafield tag="538" ind1=" " ind2=" "><subfield code="a">Mode of access: Internet.</subfield></datafield><datafield tag="541" ind1=" " ind2=" "><subfield code="c">Purchase ;</subfield><subfield code="a">Acquired by purchase along with Abdul Hamid Collection (funds donated by Horace Rackham).</subfield><subfield code="d">1924.</subfield></datafield><datafield tag="546" ind1=" " ind2=" "><subfield code="a">Arabic.</subfield></datafield><datafield tag="561" ind1=" " ind2=" "><subfield code="a">Bookplate of British Museum, London on interior of upper cover, "British Museum, London. No. 29. Decisions of al-Bazzazi." ; circular seal impression with figure of goat/gazelle in purple ink as well as inscription "96" in Western numerals on fol.1a (p.1) ; on blue-tinted paper pasted at on fol.1a (p.1), a detailed waqf statement in the name of al-Sayyid ʻAbd Allāh Adīb (Abdullah Edip), known as Jannatʹzādah (Cennet-zade), qāḍī of Erzurum, accompanied by his seal, reads: "وقفت وقفا صحيحا شرعيا بشرط ان لا يخرج من بيت الكتب الملتصق بداري الا لعلماء سكنوا بارضروم بكفيل مرعى اورهن قوي وانا الفقير اليه عز شانه السيد عبد الله اديب الشهير بجنت زاده القاضي بمدينة ارضروم عفى [كذا] في سنة اثنى وستين ومائتين والف" ; numerous notabilia (side-heads) throughout ; occasional marginal corrections and glosses ; thread tabs (as bookmarkers) in blue and red.</subfield></datafield><datafield tag="650" ind1=" " ind2="0"><subfield code="a">Manuscripts, Arabic</subfield><subfield code="z">Michigan</subfield><subfield code="z">Ann Arbor.</subfield></datafield><datafield tag="650" ind1=" " ind2="0"><subfield code="a">Islamic law</subfield><subfield code="v">Sources</subfield><subfield code="v">Early works to 1800.</subfield></datafield><datafield tag="650" ind1=" " ind2="0"><subfield code="a">Hanafites</subfield><subfield code="v">Early works to 1800.</subfield></datafield><datafield tag="650" ind1=" " ind2="0"><subfield code="a">Fatwas</subfield><subfield code="v">Early works to 1800.</subfield></datafield><datafield tag="773" ind1="0" ind2=" "><subfield code="a">Tiflis Collection.</subfield></datafield><datafield tag="880" ind1="3" ind2="0"><subfield code="6">246-04/</subfield><subfield code="a">فتاوى البزازية</subfield></datafield><datafield tag="880" ind1="1" ind2="0"><subfield code="6">245-03/</subfield><subfield code="a">[جامع الوجيز للفتاوى البزازية,</subfield><subfield code="f">القرن 15 أو 16م؟].</subfield></datafield><datafield tag="880" ind1="1" ind2="0"><subfield code="6">240-02/</subfield><subfield code="a">جامع الوجيز</subfield></datafield><datafield tag="880" ind1="1" ind2=" "><subfield code="6">100-01/</subfield><subfield code="a">كردري، بن البزاز.</subfield></datafield><datafield tag="CID" ind1=" " ind2=" "><subfield code="a">006079850</subfield></datafield><datafield tag="DAT" ind1="0" ind2=" "><subfield code="a">20190719102634.0</subfield><subfield code="b">20190719000000.0</subfield></datafield><datafield tag="DAT" ind1="1" ind2=" "><subfield code="a">20190719090653.0</subfield><subfield code="b">2019-07-19T16:11:13Z</subfield></datafield><datafield tag="DAT" ind1="2" ind2=" "><subfield code="a">2015-10-10T18:00:06Z</subfield></datafield><datafield tag="CAT" ind1=" " ind2=" "><subfield code="a">SDR-MIU</subfield><subfield code="d">EX LIBRIS - ALEPH</subfield><subfield code="l">prepare.pl-004-008</subfield></datafield><datafield tag="FMT" ind1=" " ind2=" "><subfield code="a">BK</subfield></datafield><datafield tag="HOL" ind1=" " ind2=" "><subfield code="0">sdr-miu006079850</subfield><subfield code="a">MiU</subfield><subfield code="b">SDR</subfield><subfield code="c">MIU</subfield><subfield code="p">mdp.39015079124957</subfield><subfield code="s">MIU</subfield><subfield code="1">006079850</subfield></datafield><datafield tag="974" ind1=" " ind2=" "><subfield code="b">MIU</subfield><subfield code="c">MIU</subfield><subfield code="d">20190719</subfield><subfield code="s">lit-dlps-dc</subfield><subfield code="u">mdp.39015079124957</subfield><subfield code="y">1599</subfield><subfield code="r">pd</subfield><subfield code="q">bib</subfield><subfield code="t">non-US bib date2 &lt; 1896</subfield></datafield></record></collection>